<?xml version="1.0" encoding="UTF-8"?><record xmlns="http://www.loc.gov/MARC21/slim" xmlns:cinclude="http://apache.org/cocoon/include/1.0" xmlns:zs="http://www.loc.gov/zing/srw/">
  <leader>00381nz  a2200121n  4500</leader>
  <controlfield tag="001">nr2007013678</controlfield>
  <controlfield tag="003">DLC</controlfield>
  <controlfield tag="005">20070823075244.0</controlfield>
  <controlfield tag="008">070821n| acannaabn          |n aaa     c</controlfield>
  <datafield tag="010" ind1=" " ind2=" ">
    <subfield code="a">nr2007013678</subfield>
  </datafield>
  <datafield tag="040" ind1=" " ind2=" ">
    <subfield code="a">UkCU</subfield>
    <subfield code="b">eng</subfield>
    <subfield code="c">UkCU</subfield>
  </datafield>
  <datafield tag="100" ind1="1" ind2=" ">
    <subfield code="a">Fifer, Susan</subfield>
  </datafield>
  <datafield tag="670" ind1=" " ind2=" ">
    <subfield code="a">A guide to Jewish genealogy in Poland, 2007:</subfield>
    <subfield code="b">t.p. (by Susan Fifer) p. 6 (was a Shtetl Co-op Co-Ordinator for town of Kalisz)</subfield>
  </datafield>
</record>